%!TEX root = paper.tex

@article{ brooks,
author = "Rodney A. Brooks",
title = "Intelligence Without Representation", 
year = "1991",
pages = "139--159",
journal = "Artificial Intelligence",
volume = "47",
}


@inproceedings{DBLP:conf/icml/AtkesonS97,
	Author = {Christopher G. Atkeson and                Stefan Schaal},
	Editor = {Douglas H. Fisher},
	Isbn = {1-55860-486-3},
	Publisher = {Morgan Kaufmann},
	BookTitle = {Proceedings of the Fourteenth International Conference on                Machine Learning (ICML)},
Pages = {12-20},
	Title = {Robot Learning From Demonstration},
	Year = {1997}}

@article{argall2009,
	Author = {Brenna D. Argall and Sonia Chernova and Manuela Veloso and Brett Browning},
	Date-Added = {2010-01-29 12:52:20 -0500},
	Date-Modified = {2010-01-29 12:56:12 -0500},
	Journal = {Robotics and Autonomous Systems},
	Pages = {469--483},
	Title = {A Survey of Robot Learning from Demonstration},
	Volume = {57},
	Year = {2009}}

@INPROCEEDINGS{Bindiganavale00dynamicallyaltering,
    author = {Rama Bindiganavale and William Schuler and Jan M. Allbeck and Norman I. Badler and Aravind K. Joshi and Martha Palmer},
    title = {Dynamically Altering Agent Behaviors Using Natural Language Instructions},
    booktitle = {Autonomous Agents},
    year = {2000},
    pages = {293--300},
    publisher = {ACM Press}
}


@inproceedings{Bain96aframework,
	Author = {Michael Bain and Claude Sammut},
	Booktitle = {Machine Intelligence 15},
	Pages = {103--129},
	Publisher = {Oxford University Press},
	Title = {A Framework for Behavioural Cloning},
	Year = {1996}}

@inproceedings{vidal,
	Author = {Enrique Vidal},
	Booktitle = {Grammatical Inference and Applications},
	Pages = {1--4},
	Publisher = {Springer},
	Title = {Grammatical Inference: An Introductory Survey},
	Year = {1994}}

@inproceedings{Parekh00grammarinference,
	Author = {Rajesh Parekh and Vasant Honavar},
	Booktitle = {Handbook of Natural Language Processing},
	Pages = {727--764},
	Publisher = {Marcel Dekker},
	Title = {Grammar Inference, Automata Induction, and Language Acquisition},
	Year = {2000}}

@inproceedings{dinerstein07,
	Author = {Jonathan Dinerstein Parris K. Egbert and Dan Ventura},
	Booktitle = {Proceedings of the International Joint Conference on Artificial Intelligence},
	Date-Added = {2010-01-29 13:01:11 -0500},
	Date-Modified = {2010-01-29 13:02:27 -0500},
	Pages = {1257--1252},
	Title = {Learning Policies for Embodied Virtual Agents Through Demonstration},
	Year = {2007}}

@article{mataric2000,
	Author = {Maja Matari{\'c}},
	Date-Added = {2010-01-29 12:57:48 -0500},
	Date-Modified = {2010-01-29 12:59:51 -0500},
	Journal = {IEEE Intelligent Systems},
	Number = {18--24},
	Title = {Getting Humanoids to Move and Imitate},
	Volume = {15},
	Year = {2000}}


@inproceedings{DBLP:conf/atal/AngrosJRS02,
	Author = {Richard Angros and                W. Lewis Johnson and                Jeff Rickel and                Andrew Scholer},
	Publisher = {ACM},
	BookTitle = {The First International Joint Conference on Autonomous Agents and Multiagent Systems (AAMAS)},
	Ee = {http://doi.acm.org/10.1145/545056.545134},
	Pages = {1372-1378},
	Title = {Learning domain knowledge for teaching procedural skills},
	Year = {2002}}

@inproceedings{DBLP:conf/kcap/LentL01,
	Author = {Michael van Lent and                John E. Laird},
	Publisher = {ACM},
	BookTitle = {Proceedings of the First International Conference on Knowledge                Capture (K-CAP 2001)},
	Year = {2001},
	Ee = {http://doi.acm.org/10.1145/500737.500765},
	Pages = {179-186},
	Title = {Learning procedural knowledge through observation},
	Year = {2001}}

@inproceedings{DBLP:conf/icml/PieterN04,
	Author = {Pieter Abbeel and                Andrew Y. Ng},
	Editor = {Carla E. Brodley},
	Publisher = {ACM},
	BookTitle = {Machine Learning, Proceedings of the Twenty-first International                Conference (ICML 2004)},
	Year = {2004},
	Ee = {http://doi.acm.org/10.1145/1015330.1015430},
	Title = {Apprenticeship learning via inverse reinforcement learning},
	Year = {2004}}

@article{DBLP:journals/cacm/CoatesAN09,
	Author = {Adam Coates and                Pieter Abbeel and                Andrew Y. Ng},
	Bibsource = {DBLP, http://dblp.uni-trier.de},
	Ee = {http://doi.acm.org/10.1145/1538788.1538812},
	Journal = {Communications of the ACM},
	Number = {7},
	Pages = {97-105},
	Title = {Apprenticeship learning for helicopter control},
	Volume = {52},
	Year = {2009}}

@article{DBLP:journals/ras/VoylesMK97,
	Author = {Richard M. Voyles and                J. Daniel Morrow and                Pradeep K. Khosla},
	Bibsource = {DBLP, http://dblp.uni-trier.de},
	Ee = {http://dx.doi.org/10.1016/S0921-8890(97)00048-1},
	Journal = {Robotics and Autonomous Systems},
	Number = {3-4},
	Pages = {361-375},
	Title = {Towards gesture-based programming: shape from motion primordial                learning of sensorimotor primitives},
	Volume = {22},
	Year = {1997}}

@inproceedings{DBLP:conf/atal/NicolescuM02,
	Author = {Monica N. Nicolescu and                Maja J. Mataric},
	Publisher = {ACM},
	BookTitle = {The First International Joint Conference on Autonomous Agents and Multiagent Systems (AAMAS)},
	Ee = {http://doi.acm.org/10.1145/544741.544798},
	Pages = {227-233},
	Title = {A hierarchical architecture for behavior-based robots},
	Year = {2002}}

@inproceedings{Koenig06behavior-basedsegmentation,
	Author = {Nathan Koenig and Maja Matari{\'c}},
	Booktitle = {International Conference on Development and Learning},
	Title = {Behavior-based segmentation of demonstrated tasks},
	Year = {2006}}

@article{DBLP:journals/arobots/FodMJ02,
	Author = {Ajo Fod and                Maja J. Mataric and                Odest Chadwicke Jenkins},
	Bibsource = {DBLP, http://dblp.uni-trier.de},
	Journal = {Autonomous Robots},
	Number = {1},
	Pages = {39-54},
	Title = {Automated Derivation of Primitives for Movement Classification},
	Volume = {12},
	Year = {2002}}

@inproceedings{DBLP:conf/hri/CalinonB07,
	Author = {Sylvain Calinon and                Aude Billard},
	Editor = {Cynthia Breazeal and                Alan C. Schultz and                Terry Fong and                Sara B. Kiesler},
	Isbn = {978-1-59593-617-2},
	Publisher = {ACM},
	BookTitle = {Proceedings of the Second ACM SIGCHI/SIGART Conference on                Human-Robot Interaction (HRI)},
	Ee = {http://doi.acm.org/10.1145/1228716.1228751},
	Pages = {255-262},
	Title = {Incremental learning of gestures by imitation in a humanoid                robot},
	Year = {2007}}

@inproceedings{4354062,
	Author = {Grollman, D.H. and Jenkins, O.C.},
	Booktitle = {IEEE 6th International Conference on Development and Learning (ICDL)},
	Doi = {10.1109/DEVLRN.2007.4354062},
	Keywords = {learning (artificial intelligence), mobile robots, regression analysis, sportinteractive demonstration, nonparametric regression, robot learning algorithm, robot soccer player},
	Month = {July},
	Pages = {276-281},
	Title = {Learning robot soccer skills from demonstration},
	Year = {2007},
	Bdsk-Url-1 = {http://dx.doi.org/10.1109/DEVLRN.2007.4354062}}

@inproceedings{DBLP:conf/icinco/OlenderskiNL05,
	Author = {Adam Olenderski and                Monica N. Nicolescu and                Sushil J. Louis},
	Editor = {Joaquim Filipe and                Juan Andrade-Cetto and                Jean-Louis Ferrier},
	Publisher = {INSTICC Press},
	BookTitle = {ICINCO 2005, Proceedings of the Second International Conference                on Informatics in Control, Automation and Robotics, Barcelona,                Spain, September 14-17, 2005, 4 Volumes / CD},
	Year = {2005},
	Pages = {263-269},
	Title = {Robot learning by demonstration using forward models of                schema-based behaviors},
	Year = {2005}}

@inproceedings{grollman,
	Author = {Daniel H. Grollmand and Odest Chadwicke Jenkins},
	Booktitle = {From Motor Learning to Interaction Learning in Robots},
	Pages = {407--430},
	Publisher = {Springer},
	Title = {Can We Learn Finite State Machine Robot Controllers from Interactive Demonstration?},
	Year = {2010}}

@inproceedings{DBLP:conf/atal/NicolescuM03,
	Author = {Monica N. Nicolescu and                Maja J. Mataric},
	Isbn = {1-58113-683-8},
	Publisher = {ACM},
	BookTitle = {The Second International Joint Conference on Autonomous                Agents and Multiagent Systems (AAMAS)},
Ee = {http://doi.acm.org/10.1145/860575.860614},
	Pages = {241-248},
	Title = {Natural methods for robot task learning: instructive demonstrations,                generalization and practice},
	Year = {2003}}

@article{DBLP:journals/ras/Dillmann04,
	Author = {R{\"u}diger Dillmann},
	Bibsource = {DBLP, http://dblp.uni-trier.de},
	Ee = {http://dx.doi.org/10.1016/j.robot.2004.03.005},
	Journal = {Robotics and Autonomous Systems},
	Number = {2-3},
	Pages = {109-116},
	Title = {Teaching and learning of robot tasks via observation of                human performance},
	Volume = {47},
	Year = {2004}}

@inproceedings{DBLP:conf/iros/VeeraraghavanV08,
	Author = {Harini Veeraraghavan and                Manuela M. Veloso},
	Publisher = {IEEE},
	BookTitle = {2008 IEEE/RSJ International Conference on Intelligent Robots                and Systems},
	Ee = {http://dx.doi.org/10.1109/IROS.2008.4651002},
	Pages = {2599-2604},
	Title = {Learning task specific plans through sound and visually                interpretable demonstrations},
	Year = {2008}}

@inproceedings{DBLP:conf/hri/RybskiYSV07,
	Author = {Paul E. Rybski and                Kevin Yoon and                Jeremy Stolarz and                Manuela M. Veloso},
	Editor = {Cynthia Breazeal and                Alan C. Schultz and                Terry Fong and                Sara B. Kiesler},
	Isbn = {978-1-59593-617-2},
	Publisher = {ACM},
	BookTitle = {Proceedings of the Second ACM SIGCHI/SIGART Conference on                Human-Robot Interaction (HRI)},
	Ee = {http://doi.acm.org/10.1145/1228716.1228724},
	Pages = {49-56},
	Title = {Interactive robot task training through dialog and demonstration},
	Year = {2007}}

@article{DBLP:journals/ai/ThomazB08,
	Author = {Andrea Lockerd Thomaz and                Cynthia Breazeal},
	Bibsource = {DBLP, http://dblp.uni-trier.de},
	Ee = {http://dx.doi.org/10.1016/j.artint.2007.09.009},
	Journal = {Artif. Intell.},
	Number = {6-7},
	Pages = {716-737},
	Title = {Teachable robots: Understanding human teaching behavior                to build more effective robot learners},
	Volume = {172},
	Year = {2008}}

@article{DBLP:journals/tsmc/NicolescuM01,
	Author = {Monica N. Nicolescu and                Maja J. Mataric},
	Bibsource = {DBLP, http://dblp.uni-trier.de},
	Journal = {IEEE Transactions on Systems, Man, and Cybernetics, Part                A},
	Number = {5},
	Pages = {419-430},
	Title = {Learning and interacting in human-robot domains},
	Volume = {31},
	Year = {2001}}

@article{DBLP:journals/ras/NakanishiMECSK04,
	Author = {Jun Nakanishi and                Jun Morimoto and                Gen Endo and                Gordon Cheng and                Stefan Schaal and                Mitsuo Kawato},
	Bibsource = {DBLP, http://dblp.uni-trier.de},
	Ee = {http://dx.doi.org/10.1016/j.robot.2004.03.003},
	Journal = {Robotics and Autonomous Systems},
	Number = {2-3},
	Pages = {79-91},
	Title = {Learning from demonstration and adaptation of biped locomotion},
	Volume = {47},
	Year = {2004}}



@article{DBLP:journals/ras/KasperFSP01,
	Author = {Michael Kasper and                Gernot Fricke and                Katja Steuernagel and                Ewald von Puttkamer},
	Bibsource = {DBLP, http://dblp.uni-trier.de},
	Ee = {http://dx.doi.org/10.1016/S0921-8890(00)00119-6},
	Journal = {Robotics and Autonomous Systems},
	Number = {2-3},
	Pages = {153-164},
	Title = {A behavior-based mobile robot architecture for Learning                from Demonstration},
	Volume = {34},
	Year = {2001}}

@inproceedings{4756000,
	Author = {Kulic, D. and Dongheui Lee and Ott, C. and Nakamura, Y.},
	Booktitle = {8th IEEE-RAS International Conference on Humanoid Robots},
	Doi = {10.1109/ICHR.2008.4756000},
	Month = {Dec.},
	Pages = {326-332},
	Title = {Incremental learning of full body motion primitives for humanoid robots},
	Year = {2008},
	Bdsk-Url-1 = {http://dx.doi.org/10.1109/ICHR.2008.4756000}}

@inproceedings{DBLP:conf/ecml/StoneV00,
	Author = {Peter Stone and                Manuela M. Veloso},
	Editor = {Ramon L{\'o}pez de M{\'a}ntaras and                Enric Plaza},
	Isbn = {3-540-67602-3},
	Publisher = {Springer},
	BookTitle = {11th European Conference on Machine Learning (ECML)},
	Ee = {http://link.springer.de/link/service/series/0558/bibs/1810/18100369.htm},
	Pages = {369-381},
	Title = {Layered Learning},
	Year = {2000}}

@inproceedings{yasutake1,
	Author = {Yasutake Takahashi and Minoru Asada},
Booktitle={Cutting Edge Robotics},
	Editor = {Verdan Kordic and Aleksandar Lazinica and Munir Merdan},
	Publisher = {Pro Literatur},
	Title = {Multi-Layered Learning System for Real Robot Behavior Acquisition},
	Year = {2005}}

@inproceedings{yasutake2,
	Author = {Yasutake Takahashi and               Yoshihiro Tamura and                Minoru Asada},
	Publisher = {IEEE},
	BookTitle = {2008 IEEE/RSJ International Conference on Intelligent Robots                and Systems},
	Ee = {http://dx.doi.org/10.1109/IROS.2008.4650869},
	Pages = {386-392},
	Title = {Mutual development of behavior acquisition and recognition                based on value system},
	Year = {2008}}

@article{DBLP:journals/ras/BentivegnaAC04,
	Author = {Darrin C. Bentivegna and                Christopher G. Atkeson and                Gordon Cheng},
	Bibsource = {DBLP, http://dblp.uni-trier.de},
	Ee = {http://dx.doi.org/10.1016/j.robot.2004.03.010},
	Journal = {Robotics and Autonomous Systems},
	Number = {2-3},
	Pages = {163-169},
	Title = {Learning tasks from observation and practice},
	Volume = {47},
	Year = {2004}}
	
@article{luke:simulation:2005,
  author =  {Sean Luke and Claudio Cioffi-Revilla and Liviu Panait and Keith Sullivan and Gabriel Balan},
  title =   {MASON: A Multi-Agent Simulation Environment},
  journal = {Simulation},
  volume = {81},
  number = {7},
  month = {July},
  year = {2005},
  pages = {517--527}
}

@book{c4.5,
     author = {Quinlan, J. Ross},
    day = {15},
    edition = {1},
    howpublished = {Paperback},
    isbn = {1558602380},
    keywords = {decision-tree},
    month = {January},
     publisher = {Morgan Kaufmann},
    title = {C4.5: Programs for Machine Learning (Morgan Kaufmann Series in Machine Learning)},
    url = {http://www.amazon.com/exec/obidos/redirect?tag=citeulike07-20\&path=ASIN/1558602380},
    year = {1993}
}

