@phdthesis{stone,
 author = {Stone, Peter Herald},
 title = {Layered learning in multiagent systems},
 year = {1998},
 school = {Carnegie Mellon University},
 address = {Pittsburgh, PA, USA},
 }


@inproceedings{yasutake1,
title={Multi-Layered Learning System for Real Robot Behavior Acquisition},
author={Yasutake Takahashi and Minoru Asada},
editor={Verdan Kordic and Aleksandar Lazinica and Munir Merdan},
year={2005},
publisher={Robert Mayer-Scholz},
}

@inproceedings{yasutake2,
  author    = {Yasutake Takahashi and
               Yoshihiro Tamura and
               Minoru Asada},
  title     = {Mutual development of behavior acquisition and recognition
               based on value system},
  booktitle = {IROS},
  year      = {2008},
  pages     = {386-392},
  ee        = {http://dx.doi.org/10.1109/IROS.2008.4650869},
  crossref  = {DBLP:conf/iros/2008},
  bibsource = {DBLP, http://dblp.uni-trier.de}
}
@proceedings{DBLP:conf/iros/2008,
  title     = {2008 IEEE/RSJ International Conference on Intelligent Robots
               and Systems, September 22-26, 2008, Acropolis Convention
               Center, Nice, France},
  booktitle = {IROS},
  publisher = {IEEE},
  year      = {2008},
  bibsource = {DBLP, http://dblp.uni-trier.de}
}


@article{luke:simulation:2005,
  author =  {Sean Luke and Claudio Cioffi-Revilla and Liviu Panait and Keith Sullivan and Gabriel Balan},
  title =   {MASON: A Multi-Agent Simulation Environment},
  journal = {Simulation},
  volume = {81},
  number = {7},
  month = {July},
  year = {2005},
  pages = {517--527}
}

@inproceedings{mataric,
 author = {Nicolescu, Monica N. and Matari\'{c}, Maja J.},
 title = {A hierarchical architecture for behavior-based robots},
 booktitle = {AAMAS '02: Proceedings of the first international joint conference on Autonomous agents and multiagent systems},
 year = {2002},
 isbn = {1-58113-480-0},
 pages = {227--233},
 location = {Bologna, Italy},
 doi = {http://doi.acm.org/10.1145/544741.544798},
 publisher = {ACM},
 address = {New York, NY, USA},
 }

@inproceedings{ziparo,
 author = {Ziparo, V. A. and Iocchi, L. and Nardi, D. and Palamara, P. F. and Costelha, H.},
 title = {Petri net plans: a formal model for representation and execution of multi-robot plans},
 booktitle = {AAMAS '08: Proceedings of the 7th international joint conference on Autonomous agents and multiagent systems},
 year = {2008},
 isbn = {978-0-9817381-0-9},
 pages = {79--86},
 location = {Estoril, Portugal},
 publisher = {International Foundation for Autonomous Agents and Multiagent Systems},
 address = {Richland, SC},
 }